4500 5942
1530 538 2171 659 ’ᾖξ’-Ε·
2953 493 2976 514 ’
3322 544 3490 660 263

612 751 1166 843 DCCXCVI.
1207 747 1365 840 ‘M
1418 752 1456 838 I
1509 753 1584 840 C
1641 753 1727 838 H
1783 753 1854 841 E
1905 754 1978 841 L
2030 753 2075 841 1
2133 751 2235 840 A.
2336 749 2619 838 an.
2662 731 2837 865 gen.
2888 755 3084 867 691.
3580 768 3584 772 ’

401 916 631 1008 Calyx
696 914 1099 1008 triphyllus.
1203 914 1365 988 Cor.
1423 914 1867 1009 polypetala‚
1936 915 2185 1010 petalis
2248 914 2708 987 exterioribus
2762 914 3164 1008 majoribus.
3266 917 3476 991 Stam.

394 1095 404 1105 ,
504 1013 891 1087 numerosa.
998 1017 1216 1087 Ovar.
1290 1015 1525 1107 plura,
1603 1018 1681 1088 in
1751 1012 1998 1108 spicam
2054 1011 2336 1109 digesta.
2442 1013 2617 1105 Styli
2668 1014 3011 1097 totidem,
3077 1015 3477 1107 capillares,

502 1119 682 1187 intra
730 1111 1032 1186 suturam
1102 1111 1572 1198 dehiscentem
1643 1113 2149 1188 delitescentes.
2255 1109 2449 1206 Caps.
2507 1113 2788 1204 plureS,
2861 1115 3243 1187 molles·ut
3293 1115 3479 1208 quali

498 1215 828 1296 baccatae,
884 1214 1394 1316 unilo'culateS,
1447 1212 1960 1288 semibivalves.
2028 1215 2213 1289 Sem.
2272 1212 2590 1295 baccata,
2640 1235 2681 1284 a
2730 1213 3006 1287 duobus
3060 1214 3144 1286 ad
3195 1217 3380 1288 osto.

182 1361 596 1436 MlcnnLIA
650 1362 1081 1456 Tsjampaca.
1187 1361 1365 1434 Tab‘.
1430 1383 1593 1462 137.
1642 1363 1761 1458 fig.
1806 1386 1881 1461 4.

403 1510 781 1603 Tsjampaca
816 1509 1133 1603 sylvestris
1183 1508 1348 1583 alba.
1452 1511 1769 1585 RUMPH.
1822 1507 1991 1584 amb,
2032 1535 2100 1583 2.
2141 1531 2217 1606 p.
2249 1534 2418 1594 202.
2470 1528 2522 1583 t.
2561 1507 2684 1586 68.

388 1629 695 1706 Michelia
744 1633 1184 1724 ‹ez-otiwtoides
1213 1633 1401 1727 foliis
1450 1643 1680 1708 ovatis.
1780 1639 2034 1711 BURM.
2068 1635 2229 1730 flor.
2285 1635 2417 1706 ind.
2474 1654 2628 1725 124.

391 1753 695 1836 Michelia
718 1756 903 1848 foliis
952 1777 1147 1830 ovato
1171 1805 1204 1819 -
1223 1756 1604 1833 lanceolatis.
1707 1761 1939 1833 [ΛΝΒ.
1979 1760 2127 1854 syst.
2177 1779 2322 1854 veg.
2369 1751 2546 1849 508.

585 1883 637 1953 A
678 1881 801 1980 cl.
854 1882 1427 1957 Tnunnssnoxo.

277 2002 501 2077 PER.
556 2001 861 2098 Capsulae
896 2006 1163 2100 plureS,
1219 2013 1294 2080 in
1336 2004 1579 2102 spicam
1613 2004 2178 2081 strobiliformem
2227 2006 2536 2101 digestae,
2575 2003 2813 2080 versus
2848 2032 3091 2094 axem,
3128 2010 3205 2082 in
3248 2012 3470 2084 aciem

488 2103 911 2198 compreffae,
965 2105 1344 2180 extrorsum
1386 2131 1557 2179 vero
1606 2105 2076 2200 turgescentes
2120 2109 2197 2178 in
2244 2105 2519 2180 dorsum
2571 2130 3006 2188 convexunu
3057 2106 3353 2201 superne
3394 2115 3472 2183 in

485 2228 891 2278 mucronem
938 2208 1224 2280 brevem
1261 2207 1643 2301 productae,
1696 2204 1978 2279 inferne
2022 2210 2098 2276 in
2146 2206 2618 2296 pedunculum
2660 2204 2845 2297 quasi
2884 2209 3258 2300 elongatae,
3308 2213 3490 2284 ante*

483 2305 764 2397 plenam
805 2311 1269 2380 maturitatem
1319 2303 1651 2387 carnosae,
1703 2306 1989 2377 demum
2032 2300 2521 2383 subcoriaceae,
2580 2304 2859 2387 molles,
2914 2330 3002 2376 ex
3042 2310 3470 2382 aurantiaco-
3556 2318 3571 2332 ⁶

480 2401 899 2498 rubiginosae
921 2456 943 2487 ,
1009 2405 1474 2479 uniloculares
1503 2456 1524 2489 ,
1600 2403 1817 2477 latere
1889 2423 2183 2477 externo
2241 2398 2729 2475 dehiscentes:
2797 2405 3168 2499 interjecto
3213 2402 3463 2479 suturae

480 2501 661 2596 stylo
709 2505 1012 2606 capillati
1060 2503 1485 2600 persistente.

263 2627 489 2706 Rnc.
538 2652 867 2708 commune
916 2621 1438 2703 teretiusculum
1465 2680 1488 2713 ‚
1555 2624 1837 2701 inferne
1876 2627 2145 2701 nudum
2198 2629 2268 2700 δε
2301 2649 2353 2706 a
2392 2623 2764 2700 staminum
2816 2625 3005 2720 lapsu
3051 2631 3460 2705 cicatriculis

472 2726 955 2802 rhomboideis
987 2727 1418 2820 tefl'ulatuin²
1456 2726 1754 2821 superne
1797 2747 2031 2801 autem
2077 2724 2366 2820 capsulis
2400 2724 2736 2799 seffilibus
2771 2732 3083 2810 tectum3
3116 2737 3464 2824 proprium

476 2828 796 2910 nullum3
846 2826 973 2901 sed
1006 2825 1264 2902 semina
1295 2879 1316 2912 ,
1373 2830 1638 2920 absque
1684 2827 1832 2900 ullo
1872 2825 2186 2901 funiculo
2229 2826 2609 2900 umbilicali
2634 2877 2657 2913 ,
2730 2829 2990 2921 angulo
3036 2827 3464 2925 eapsulatum

474 2930 759 3002 interno
808 2931 889 3000 in
930 2924 1061 3001 fitu
1111 2927 1533 3014 horizontali
1573 2924 1800 3001 affixa.

258 3054 315 3128 S
335 3071 377 3125 ε
400 3071 483 3124 Μ.
531 3075 755 3125 unum
771 3104 793 3134 ,
827 3052 947 3126 vel
963 3051 1103 3126 duo
1132 3039 1469 3146 (quatuor
1495 3047 1843 3145 Rumph.),
1879 3068 2091 3126 ovata
2108 3102 2131 3135 ‚
2153 3051 2549 3125 lenticulari
2568 3050 2844 3145 turgida
2862 3104 2882 3135 ,
2905 3051 3204 3137 baccata,
3230 3055 3460 3146 rubra.

252 3174 369 3249 IN
385 3195 458 3247 T.
504 3175 804 3270 triplex:
871 3181 1181 3250 extimum
1232 3173 1635 3258 carnosum,
1684 3193 1945 3256 tenue,
1998 3179 2438 3256 coccineum,
2489 3178 2674 3246 arcte
2725 3171 3058 3247 adnatum
3090 3203 3116 3257 3
3181 3171 3460 3250 inedium

472 3272 775 3356 offeum,
826 3295 1087 3357 atrum,
1142 3277 1219 3347 in
1262 3279 1521 3348 vertice
1562 3272 1611 3347 {I
1655 3275 1950 3370 regione
2000 3274 2338 3346 umbilico.
2384 3269 2732 3365 opposita,
2784 3274 3157 3346 cavernula
3209 3300 3458 3368 parva,

467 3396 880 3545 muer-anem
937 3375 1350 3448 aciculatem
1397 3375 1808 3448 continente
1834 3423 1858 3456 ,
1909 3371 2379 3467 exsculptum,
2441 3378 2745 3443 intimum
2796 3374 3404 3448 membranaceum
3433 3427 3470 3461 ,

467 3489 669 3546 tenui
724 3498 974 3546 imum.

238 3600 470 3672 ALB.
524 3598 915 3680 cordatum,
971 3594 1919 3702 lenticulari-compressum,
1972 3592 2369 3679 carnosum,
2422 3591 2940 3680 duriusculum,
2989 3593 3253 3668 album.

235 3723 479 3797 ΕΜΒ.
538 3719 1075 3803 minutiffimuS,
1128 3718 1617 3817 subglobosus,
1662 3724 1741 3792 in
1781 3716 1920 3793 basi
1960 3720 2340 3794 albuminis
2374 3715 2420 3792 s
2457 3739 2676 3814 prope
2710 3720 3121 3793 umbilicum
3160 3720 3464 3796 locatus.

470 3819 674 3912 Cotyi.
728 3818 1169 3894 breviffimae.
1277 3822 1448 3895 Rad.
1498 3819 1753 3894 infera.

1785 3991 1831 4034 *

441 4088 529 4158 .,).
554 4086 781 4142 Fructus
814 4088 1037 4157 integer.
1106 4086 1189 4160 b.)
1227 4088 1448 4157 Capsula
1480 4086 1745 4157 separata,
1783 4100 1814 4138 a
1851 4084 2017 4139 latere
2049 4081 2298 4154 spestata.
2362 4084 2439 4154 c.)
2478 4083 2681 4141 Eadem
2717 4085 3007 4144 dehiscens.
3073 4084 3157 4162 d.)
3191 4087 3452 4155 Ejusdem

438 4179 598 4236 feffio
631 4179 1064 4249 longitudinum,
1102 4198 1222 4236 cum
1256 4180 1359 4237 fitu
1396 4181 1655 4235 seminum
1694 4178 2036 4232 horizontali.
2115 4181 2195 4246 e.)
2231 4178 2424 4232 Semen
2456 4177 2770 4236 solitarium.
2845 4180 2921 4250 f.)
2952 4182 3165 4235 Semina
3198 4184 3444 4252 gemella.

438 4275 529 4348 g.)
564 4271 831 4342 Integum.
870 4273 1143 4329 carnosum
1178 4273 1405 4344 superne
1442 4273 1715 4329 resessmm.
1788 4271 1879 4347 h.)
1915 4269 2074 4325 Testa
2107 4269 2321 4326 seminis
2357 4273 2572 4340 penitus
2608 4273 2891 4328 denudata.
2967 4272 3047 4338 1.)
3090 4272 3290 4328 Eadem
3325 4274 3450 4329 lon-

434 4367 804 4437 gitudinanter
849 4374 1062 4437 aperta,
1119 4384 1239 4422 cum
1282 4361 1553 4424 albu'minc
1590 4368 1649 4421 in
1687 4361 1791 4420 situ
1826 4353 2087 4419 natinra’li.
2149 4362 2254 4434 K.)
2295 4364 2566 4420 Albumen
2602 4364 2927 4420 verticaliter
2968 4363 3277 4435 diffefflun,
3319 4384 3448 4424 cum

438 4457 749 4530 Embryone
784 4459 907 4530 (L.)
942 4461 1000 4514 in
1036 4460 1152 4526 ejus
1191 4457 1312 4515 basa.
1648 4471 1665 4486 ⁶
1797 4470 1806 4479 ·

262 4607 273 4614 '
338 4599 688 4677 Michelia
735 4603 975 4696 itaque
1032 4598 1177 4674 solo
1240 4605 1481 4698 majori
1532 4599 1876 4675 seminum
1938 4622 2237 4671 numero
2263 4649 2287 4682 ,
2365 4619 2602 4689 neque
2651 4598 2722 4669 id
2773 4594 2933 4671 satis
2997 4598 3435 4686 constanter,

436 4724 663 4793 -atque
706 4704 1100 4794 pericarpiis
1145 4705 1581 4775 mollioribus
1623 4704 1689 4773 &
1726 4700 2142 4774 subbaccatis
2184 4722 2223 4768 a
2259 4696 2618 4789 Magnolia
2665 4691 2917 4770 differt.
3028 4700 3433 4773 Videndum

449 4819 695 4871 tamen
743 4800 1099 4894 quomodo
1148 4799 1215 4874 se
1266 4800 1519 4874 habeat
1574 4798 1821 4874 fabrica
1874 4797 2220 4892 seminum
2273 4800 2351 4867 in
2399 4794 2730 4866 Michelia
2788 4792 3185 4891 Champaca,
3240 4823 3435 4873 ante-

452 4920 661 4990 quam
720 4918 941 4971 totum
1002 4924 1229 4993 genus
1287 4921 1773 4994 expungatur:
1855 4920 2193 4970 numerus
2248 4897 2450 4966 'enim
2517 4891 2697 4965 solus
2755 4891 2912 4964 heic
2965 4896 3145 4971 nihil
3202 4900 3430 4983 valet,

451 4998 1021 5098 quandoquidem
1071 4998 1283 5097 ipsius
1337 5001 1553 5092 etiam«
1576 4999 1975 5093 *Magnoliae
2025 4997 2265 5073 ovaria
2314 4991 2452 5068 fint
2503 4988 2719 5096 tetras
2701 5015 2967 5096 perma3

717 5149 723 5156 .
1592 5123 1600 5136 ι
2432 5143 2438 5150 ,
3350 5099 3440 5173 112
