4500 5942
900 543 990 618 lv
2020 526 3024 627 ‚PRAEFATIQ

1104 728 1443 840 Bisariam
1482 728 1762 836 ‘nempe
1820 707 2189 828 botanici,
2256 735 2402 814 hoc
2451 718 2662 835 super
2726 752 3185 836 argumento,
3239 704 3376 829 suis
3425 735 3792 829 discedunt
3846 739 4206 843 opinioni·

903 909 1066 987 bus:
1122 907 1286 985 dum
1332 902 1483 985 scil.
1539 904 1660 984 alii
1702 903 2051 987 fluctibus
2100 928 2341 1007 parum
2383 908 2503 986 vel
2547 904 2725 985 nihil
2763 907 2835 985 in
2876 892 3390 987 constituendis
3422 910 3805 1014 generibus
3847 912 4204 1007 tribuant,

903 1082 978 1159 δι
1027 1079 1388 1159 contemta
1436 1076 1630 1155 omni
1681 1075 1987 1179 partium
2036 1073 2301 1157 fabrica
2353 1076 2679 1173 interna,
2730 1075 2805 1156 iu
2857 1074 3013 1157 solo
3064 1079 3337 1159 rudiori
3390 1078 3751 1160 fructuum
3802 1103 4205 1180 contextu,

900 1273 1297 1354 eorumque
1346 1206 1579 1327 forma
1627 1268 1925 1329 externa
1974 1246 2460 1353 acquiescant:
2511 1246 2674 1337 Alii
2725 1268 2975 1371 contra
3022 1247 3386 1330 fructuum
3438 1253 3927 1355 cognitionem
3981 1256 4202 1335 maxi-

897 1449 1015 1504 me
1050 1422 1333 1527 quidem
1374 1418 1699 1500 censeant
1734 1419 2184 1501 necessariam
2208 1472 2234 1515 ,
2289 1421 2361 1498 δι
2401 1419 2718 1499 intimam
2761 1446 3053 1525 quoque
3091 1426 3398 1526 partium
3445 1422 3871 1504 structuram
3915 1428 4201 1506 minime

892 1595 1389 1700 negligendam
1424 1646 1453 1689 ‚
1536 1592 1756 1672 immo
1834 1592 2077 1696 potius
2152 1594 2500 1673 curationi
2580 1570 2923 1673 scrutinio
2991 1568 3313 1692 judicent
3383 1595 3841 1699 digniffimam
3880 1652 3906 1694 ‚
3992 1598 4198 1678 simul

890 1786 1129 1852 autem
1202 1810 1297 1829 —
1364 1766 1558 1869 quod
1634 1764 1921 1868 quidem
1992 1790 2035 1843 a
2107 1763 2469 1843 nonnullis
2533 1728 2855 1863 fastum,
2897 1748 3020 1827 ⁶—
3085 1768 3403 1870 partibus
3475 1723 3893 1870 Quibusdam
3970 1769 4197 1849 multo

892 1945 1230 2042 maj0rem
1304 1938 1381 2017 in
1455 1936 1876 2017 definiendis
1943 1960 2290 2041 generum
2365 1937 2696 2021 ordinum
2784 1934 3194 2020 claffiumve
3271 1920 3807 2043 characteribus
3884 1940 4195 2021 tribuant

894 2116 1356 2221 dignitatem,
1408 2135 1614 2215 quam
1669 2135 1822 2215 quae
1870 2134 1910 2188 a
1965 2110 2231 2189 Natura
2284 2111 2616 2190 videatur
2673 2092 3092 2192 confirmata
3144 2117 3744 2219 atqueprobata.

1090 2290 1200 2369 Ita
1249 2285 1438 2364 inter
1488 2281 1926 2386 posteriores
1979 2279 2183 2377 sunt,
2236 2284 2359 2386 qui
2413 2307 2510 2362 ex
2561 2281 2715 2364 solo
2769 2284 2840 2364 δι
2897 2285 3112 2365 unico
3165 2284 3439 2365 corculi
3493 2282 3677 2381 situ,
3752 2311 3846 2366 ex
3898 2284 4193 2365 albumi-

891 2462 1004 2542 nis
1068 2436 1453 2573 prasentia*
1490 2475 1615 2537 aut
1675 2451 2012 2549 defectu,
2074 2477 2173 2534 ex
2222 2454 2610 2560 pericarpii
2663 2454 3117 2541 consistentia
3168 2475 3384 2562 atque
3434 2456 3909 2553 dehiscentia,
3964 2458 4189 2562 quin,

888 2657 986 2715 ex
1034 2630 1374 2711 seminum
1424 2614 1887 2731 quorumdam
1942 2626 2296 2707 umbilicis
2347 2586 2713 2732 fungosi3‚
2778 2630 3151 2721 eorumvis
3203 2626 3414 2711 striis·
3446 2632 3922 2725 ocella1·ibu3‚
3994 2648 4191 2708 certa

889 2828 1234 2912 generum
1297 2802 1727 2885 ordinumve
1794 2800 2217 2913 naturalium
2288 2801 2644 2881 deducere
2713 2802 2948 2882 velint
3018 2802 3335 2885 criteria.
3437 2805 3504 2885 E
3569 2794 3886 2906 priorum
3955 2822 4189 2882 autem

884 3003 1229 3073 numere,
1282 2978 1407 3057 vel
1458 2999 1674 3055 unum
1725 2971 1946 3052 instar
1993 2972 2310 3053 omnium
2359 2964 2743 3054 nominasse
2797 2971 3097 3053 sufficiat
3133 2976 3563 3073 LlNNAEUM‚
3614 2978 3917 3082 quinon
3959 2974 4185 3054 solum

880 3151 1164 3236 disertis
1217 3146 1459 3230 verbis
1508 3145 1946 3226 declaravit:
2013 3144 2267 3226 florem
2320 3149 2540 3249 longe
2589 3143 2909 3250 praeserri
2959 3146 3225 3253 debere
3273 3134 3542 3228 fructui
3589 3150 3664 3227 in
3715 3148 4189 3228 determinan-

881 3327 993 3443 dis.
1038 3276 1482 3428 'generibuffi
1550 3316 1679 3397 sed·
1719 3318 1842 3422 qui
1898 3282 2111 3399 etiam
2164 3316 2252 3397 ad
2308 3337 2632 3398 tenorem
2686 3320 2897 3418 huius
2950 3290 3111 3419 falfi
3170 3294 3523 3423 dogmatis
3553 3372 3578 3414 ‚
3652 3282 3872 3409 toties
3922 3345 4187 3426 genera

872 3500 995 3581 sua
1041 3489 1953 3576 alieniffimisadulteravit
2005 3450 2411 3593 speciebus;
2487 3494 2610 3596 qui
2661 3493 3009 3595 plurimos
3061 3491 3226 3575 suos
3275 3492 3636 3573 fructuum
3690 3492 4184 3592 characterem,

879 3694 1027 3752 non
1089 3690 1184 3749 ex
1247 3663 1515 3747 Natura
1544 3715 1572 3759 ,
1648 3659 1768 3741 sed
1832 3685 1926 3741 ex
1992 3659 2161 3741 solia
2223 3667 2673 3761 Touranortii
2698 3720 2718 3753 ‚
2801 3669 3117 3743 Plumieri
3143 3722 3165 3753 ,
3249 3642 3553 3754 Rheediiss
3630 3671 3998 3745 commelini
4047 3671 4180 3752 διο.

875 3843 1213 3927 iconibus
1260 3837 1363 3918 ita
1411 3836 1695 3955 hausit,
1765 3851 1848 3914 ut
1894 3833 2101 3914 limul
2148 3860 2441 3940 quoque
2491 3862 2742 3917 omnes
2792 3840 3172 3918 earundem
3222 3838 3509 3918 mendas
3563 3838 3633 3916 δι
3685 3862 3974 3920 errores
4019 3842 4181 3923 suos

810 3976 831 3998 ⁰
877 4014 1137 4099 fecerit
1186 4013 1254 4091 ἃ
1308 4009 1596 4089 subinde
1644 4009 1969 4101 auxerit3
2018 4024 2143 4087 aut
2191 4007 2362 4110 qui,
2408 4006 2465 4089 fl
2513 4011 2699 4089 tales
2749 4008 3048 4090 defuere
3098 4007 3383 4103 suarez,
3436 4008 3722 4089 fructus
3757 4010 3944 4116 saepe
3993 4016 4180 4097 adeo

870 4186 1326 4292 negligenter
1393 4183 1464 4261 ἃ
1530 4178 1726 4284 quali
1797 4202 1893 4261 ex
1959 4179 2312 4261 insomnio
2384 4180 2754 4285 descripsit
2788 4236 2814 4278 ‚
2899 4207 3015 4263 ex.
3067 4208 3181 4286 gr.
3216 4182 3318 4260 'in
3379 4184 3724 4273 Coldenia,
3788 4191 4169 4279 Eriocaulo,

875 4369 1231 4462 Scopam,
1322 4350 1740 4456 Cephalantho
1776 4407 1797 4443 ,
1873 4350 2229 4444 Nauclea,'
2309 4358 2548 4433 15·οᾶὶο
2626 4355 2766 4436 διο.
2846 4373 2928 4436 ut
2996 4355 3258 4459 ubique
3321 4338 3683 4437 luculenta
3750 4350 3997 4437 summi
4059 4356 4169 4439 sui

814 4517 823 4521 ’
864 4534 1229 4621 fructuum
1277 4544 1683 4611 contemtus
1734 4527 2015 4608 dederit
2064 4526 2492 4611 testimonia.

1064 4708 1260 4786 Inter
1318 4699 1709 4780 contrarias
1766 4700 1980 4780 hasce
2049 4699 2430 4821 opiniones
2499 4664 2736 4783 media
2767 4701 3134 4783 'tutissime
3194 4701 3538 4787 ambulari
3605 4702 3723 4785 vin
3747 4758 3780 4800 ,
3849 4701 4162 4790 saniores

856 4906 1108 4972 omnes
1174 4873 1386 4965 facile
1439 4870 1898 4984 perspicient.
1998 4874 2272 4961 Natura
2335 4871 2526 4957 e'nim
2589 4872 2814 4958 flores
2877 4894 3098 4980 atque
3143 4872 3423 4957 fructus
3473 4876 3820 4979 dignitate
3862 4883 4158 4965 omnino

3979 5048 4158 5137 fecit
