4500 5942
955 551 1047 621 w
2140 504 3077 659 PRAEFnrro

953 754 1204 819 tuetur
1255 712 1703 841 dignitatem.
1787 743 2049 819 Cetera
2099 758 2335 820 autem
2390 742 2462 819 &
2510 738 2641 845 ipli
2697 740 3015 820 dabimus
3062 735 3576 842 praeferentiam
3629 733 3795 818 flori
3840 735 3916 817 in
3967 737 4253 819 conciu-

958 909 1186 989 nanda
1256 910 1662 991 methodica
1728 909 2049 1014 stirpium
2123 910 2627 1015 dispositione,
2702 910 3048 1016 liquidem
3107 907 3553 1012 experientia
3603 909 3989 1006 docuerit,
4057 909 4255 1011 quod

958 1076 1095 1160 ista
1144 1080 1426 1162 ratione
1476 1084 1707 1171 multo
1757 1083 2255 1165 concinniores
2311 1087 2382 1164 δι
2438 1102 2701 1165 uaturae
2739 1083 2974 1188 ‘magis
3043 1104 3376 1186 congruae
3427 1097 3796 1183 emergant
3857 1083 4253 1186 plantarum

956 1254 1522 1335 combinationes
1562 1273 1777 1359 atque
1844 1254 2455 1364 consociationes‚
2511 1276 2719 1359 quam
2761 1253 2819 1369 li
2861 1254 3024 1335 talis
3056 1254 3438 1334 methodus
3483 1277 3524 1330 a
3567 1251 3812 1332 frudtu
3848 1252 4008 1335 solo
4054 1250 4254 1334 desu-

958 1432 1233 1507 maturz'
1272 1451 1442 1547 mm
1496 1429 1642 1515 ho'c
1684 1429 1904 1510 modo
1950 1426 2232 1508 familiae
2273 1431 2652 1533 &genera
2705 1425 3050 1510 naturalia
3101 1425 3279 1529 saepe
3333 1382 3805 1507 vehementer
3854 1425 4254 1508 deforman-

955 1614 1082 1681 tur
1111 1615 1328 1704 atque
1360 1598 1873 1698 dilacerantur,
1918 1626 2055 1682 nec
2086 1601 2278 1682 aliud
2305 1601 2471 1682 inde
2496 1643 2591 1663 —
2614 1601 2958 1706 siquidem
2991 1623 3032 1679 a
3059 1599 3255 1679 mere
3290 1597 3757 1701 carpologico
3782 1595 4256 1680 recesseris-

954 1772 1267 1877 emergit
1316 1775 1812 1881 commodum,
1864 1771 1997 1853 nist
2048 1790 2135 1854 ut
2177 1777 2535 1856 contraria
2575 1773 2783 1872 juxta
2830 1770 2906 1852 se
2944 1722 3188 1876 'posita
3234 1770 3461 1874 magis
3500 1766 3928 1853 elucescant.

1155 1944 1234 2022 Si
1293 1961 1529 2025 autem
1585 1945 1881 2027 floribus
1935 1947 2254 2069 amplior
2296 1892 2495 2052 patet
2559 1904 2892 2028 utilitatis
2942 1956 3275 2051 campus,
3338 1943 3629 2023 minime
3675 1946 3842 2025 inde
3898 1943 4253 2050 sequitur,

953 2115 1150 2219 quod
1203 2140 1350 2197 non
1400 2115 1804 2218 frustibus,
1869 2122 1942 2201 in
1996 2122 2458 2221 dijudicandis
2510 2125 2907 2225 plantarum
2961 2116 3421 2198 affinitatibus
3477 2118 3548 2195 δι
3604 2117 3679 2195 in
3744 2114 4257 2201 constituendis

953 2288 1343 2369 multorum
1387 2291 1717 2373 ordinum
1758 2298 2180 2377 naturalium
2239 2295 2436 2376 veris
2491 2296 2563 2374 &
2603 2289 3078 2372 essentialibus
3127 2289 3706 2405 characteribus,
3759 2313 4255 2393 nonnunquam

951 2460 1226 2564 liquide
1267 2463 1713 2567 praeserentia
1761 2493 1906 2572 prae
1948 2465 2245 2549 floribus
2291 2469 2669 2562 debeatur3
2724 2464 2898 2568 quin
2937 2464 3192 2541 dantur
3244 2458 3481 2556 casm,
3536 2460 3657 2541 ubi
3706 2463 4037 2543 ordinum
4085 2464 4254 2545 cha-

956 2633 1196 2713 taeter
1242 2634 1343 2714 ita
1395 2638 1759 2740 privative
1810 2665 1857 2719 a
1908 2637 2187 2721 frustus
2248 2621 2670 2742 seminisque
2723 2634 2989 2717 fabrica
3036 2636 3350 2737 pendet,
3403 2649 3486 2713 ut
3524 2633 3729 2715 floris
3774 2635 4254 2717 consideratio

940 2804 1028 2897 ‘ei
1085 2768 1332 2908 parum
1391 2813 1521 2892 veI
1572 2810 1756 2892 nihil
1794 2815 1972 2897 novi
2012 2813 2332 2928 roboris·
2365 2812 2629 2891 addere
2688 2806 2944 2914 polilt,
2992 2808 3214 2888 immo
3263 2808 3387 2887 ubi
3437 2806 3655 2888 flores
3705 2832 3798 2889 ne
3850 2808 3924 2890 in
3977 2810 4256 2891 censum

957 2926 1245 3079 quidem
1301 2983 1553 3064 venire
1595 2972 1889 3090 que'aut.
1994 2994 2103 3068 Ita
2147 2988 2447 3092 pulchra
2486 2985 2559 3064 δι
2606 2980 2911 3065 fastuosa
2956 2984 3339 3063 Palmarum
3381 2981 3649 3063 cohors
3668 3034 3696 3079 ‚
3742 2954 3958 3063 nullis
3997 3007 4037 3061 a
4077 2982 4259 3064 flore

954 3148 1197 3232 ducilis
1252 3155 1565 3260 regulis,
1617 3156 1690 3241 se
1736 3158 1814 3239 in
1855 3184 2072 3240 unum
2114 3160 2659 3241 contubernium
2709 3156 2878 3264 cogi
2921 3145 3226 3261 patitur:
3280 3173 3354 3234 at
3386 3154 3462 3233 in
3508 3155 3866 3237 albumine
3906 3157 4260 3237 ruminato

956 3342 1082 3420 aut
1123 3331 1353 3425 c‘avo,
1405 3328 1479 3407 δι
1516 3329 1593 3411 in
1634 3281 2042 3436 emhrjrone
2090 3298 2761 3437 monocotyledone
2802 3331 3096 3451 propria
3140 3330 3482 3432 papillula
3533 3325 3899 3412 crustacea
3932 3331 4262 3426 obtesto,

874 3492 891 3496 “
952 3517 1210 3577 omnes
1263 3499 1510 3581 Palmae
1569 3504 1975 3589 amiciflime
2026 3478 2459 3612 conspirant.
2562 3506 3083 3607 Euphorbimun
3145 3470 3516 3580 difficilem
3555 3525 3699 3628 nec
3747 3525 4047 3607 parvum
4098 3524 4264 3606 gre-

957 3691 1168 3769 gem,
1217 3675 1433 3756 nullis
1475 3702 1517 3756 a
1560 3676 1746 3761 flore
1791 3681 2040 3784 petitis
2090 3681 2307 3788 [ignis
2352 3678 2474 3759 sub
2524 3701 2741 3760 uuum
2787 3672 3227 3757 convocabis
3270 3673 3663 3768 vexillum
3735 3693 3812 3827 at
3869 3700 3965 3756 ex
4020 3673 4264 3767 fructu

954 3838 1345 3945 facifflme2
1403 3869 1484 3931 ut
1542 3853 1761 3935 etiam
1817 3856 1934 3946 111.
1968 3856 2027 3964 J
2032 3880 2288 3936 ussmu
2348 3877 2495 3935 nou
2547 3849 2987 3935 dubitaverit
3036 3848 3466 3954 praecipuum
3519 3849 3727 3948 hujus
3774 3848 4048 3929 ordinis
4099 3851 4264 3929 cha-

948 4006 1309 4119 r'asterem
1347 4050 1621 4129 ponere
1650 4028 1737 4127 ⁸iu
1773 4029 2130 4113 albumine
2162 4026 2460 4109 sebaceo
2482 4081 2509 4125 ,
2559 4025 2801 4110 fruetu
2847 4020 3390 4130 pluriloeulari,
3440 4021 3706 4103 loculis
3758 4020 4278 4137 oligospermis·

956 4190 1034 4269 ἃ
1079 4189 1370 4277 elastice
1418 4199 1983 4299 dehiscentibus,
2032 4220 2250 4308 atquc
2291 4202 2369 4284 in
2416 4200 2753 4282 seminum
2807 4198 2948 4279 fitu
2993 4193 3328 4289 inverso,
3382 4192 3430 4273 s.
3477 4193 3795 4275 radicula
3836 4150 4265 4297 embryonis

956 4361 1365 4449 constanter
1414 4324 1686 4478 superii.
1798 4389 2110 4460 Gramina
2161 4399 2309 4472 uon
2375 4376 2618 4457 levem
2665 4399 2762 4456 ex
2814 4373 3000 4454 flore
3056 4368 3388 4473 facieque
3441 4386 3742 4448 externa
3794 4392 3956 4448 cum
4014 4372 4268 4473 cype-

955 4538 1231 4620 roideis
1280 4543 1544 4630 habent
1593 4550 2006 4632 affinitatem
2033 4603 2059 4638 ‚
2108 4566 2193 4631 ut
2229 4549 2448 4629 etiam
2490 4572 2532 4626 a
2579 4544 2932 4632 botanicis
2979 4569 3126 4628 non
3166 4543 3394 4624 infimi
3443 4538 3749 4627 subsellii
3791 4540 4031 4646 paffiru
4076 4541 4270 4622 inter

960 4707 1034 4792 se
1072 4713 1342 4801 fuerint
1380 4720 1799 4818 commista;
1869 4723 1986 4806 sed
2026 4722 2256 4805 solum
2306 4727 2382 4805 in
2432 4722 2864 4829 graminibus
2920 4718 3295 4803 scutellum
3347 4715 3921 4818 cotyledoneum
3941 4768 3969 4815 ,
4035 4739 4121 4796 ea
4178 4718 4265 4796 ab

961 4892 1293 4975 omuibus
1323 4900 1623 5006 reliquis
1647 4901 1911 5003 plantis
1938 4900 2174 4981 reddit
2205 4896 2714 4981 distiuckiffima
2730 4948 2758 4995 ‚
2801 4893 3219 5000 ordinisque
3246 4886 3732 5002 charaeterem
3757 4890 4028 4992 praebet
4052 4884 4268 4970 elsen-

3985 5063 4269 5155 tialem,
