4500 5942
398 772 537 848 Per
577 770 1160 868 germinationem
1213 770 1505 847 ulterius
1561 774 2066 869 explorandum
2113 771 2249 858 est,
2319 795 2494 847 num
2552 762 2900 851 seminum
2939 774 3483 873 TriglochineS,

506 797 930 969 Saggittariae,
995 869 1264 945 Alismae
1316 877 1384 947 &
1424 874 1995 970 Potamogetonis
2052 874 2329 957 nuclei,
2398 872 2537 951 fint
2582 876 3008 969 embryones
3058 876 3262 971 ipfi,
3297 904 3486 955 anne

505 998 679 1046 vero
720 973 895 1044 alius
952 975 1131 1043 intra
1179 996 1301 1045 eos
1349 972 1609 1047 haereat
1656 976 1950 1068 embryo
1997 971 2554 1048 minutiffimus?
2636 974 2981 1052 Post'erius
3037 997 3277 1053 tamen
3336 1005 3489 1055 non

506 1075 791 1144 videtur
811 1068 1220 1153 verifimile3
1248 1090 1458 1167 atque
1488 1066 1867 1148 secundum
1898 1078 2307 1169 nuperiores
2337 1076 2527 1148 meas
2553 1071 3100 1163 observationem
3123 1079 3333 1173 velip
3339 1077 3486 1154 sum

506 1173 787 1248 Butomi
819 1171 1323 1264 embryonem,
1380 1173 1538 1246 Vol.
1581 1194 1638 1246 ι.
1683 1199 1750 1269 p.
1773 1196 1896 1268 75.
1945 1171 2394 1269 descriptum,
2448 1176 3003 1270 expungendum
3045 1175 3180 1250 effe
3210 1176 3486 1263 censeo,

506 1274 844 1373 quoniam
903 1274 1054 1365 eJ‘us
1106 1271 1390 1356 nuclei,
1454 1270 1623 1346 testa
1674 1271 1794 1346 sua
1840 1273 2065 1348 orbati
2105 1277 2171 1348 ἃ
2218 1276 2502 1390 penitus
2559 1274 2939 1361 denudati,
3018 1278 3146 1351 ubi
3197 1302 3325 1372 per
3365 1281 3489 1352 ali.

509 1393 685 1465 quot
728 1369 934 1443 horas
976 1394 1171 1464 aquae
1212 1373 1667 1458 innatarunt,
1734 1392 1818 1447 ut
1860 1369 2097 1447 fimul
2121 1376 2294 1448 aiiris
2345 1371 2603 1448 acceffu
2654 1372 3096 1461 fruerentur,
3161 1401 3252 1451 ex
3291 1379 3490 1472 palli-

509 1474 661 1556 dis,
708 1473 831 1565 qui
867 1488 1073 1544 antea
1109 1467 1446 1556 fuerunt,
1499 1476 1631 1546 toti
1673 1469 1968 1548 saturate
2010 1474 2272 1547 virides
2317 1470 2478 1547 facti
2507 1470 2698 1547 sunt.
2749 1474 2821 1548 id
2855 1476 3044 1570 quod
3090 1473 3250 1551 solis
3299 1482 3484 1551 veris

511 1571 1060 1664 embryonibuS,
1110 1574 1524 1667 neutiquam
1562 1589 1799 1647 autem
1844 1574 2185 1648 albumini
2221 1580 2345 1646 aut
2394 1574 2640 1649 vitello
2685 1579 3099 1673 contingere
3143 1573 3340 1652 solet.

853 1801 1223 1895 DXXX.
1299 1806 1975 1900 ACORUS.
2046 1809 2341 1900 Lmu.
2413 1841 2590 1924 gen.
2640 1833 2837 1929 434.

403 1967 662 2065 spadix
710 1965 1298 2061 subcylindricus,
1354 1972 1671 2068 undique
1712 1958 2004 2047 flosculis
2051 1977 2301 2046 tectus.
2406 1972 2555 2046 Cal.
2600 1974 2865 2048 nullus,
2965 1974 3131 2048 Cor
3179 1920 3486 2070 hexape-

505 2070 663 2143 tala.
768 2072 976 2144 stam.
1029 2067 1168 2143 sex.
1273 2073 1492 2159 Ovar.
1539 2072 1993 2167 oblongum,
2022 2072 2339 2169 stigmate
2383 2069 2610 2147 seffili.
2713 2070 2910 2183 Caps
2949 2072 3228 2150 inverse
3286 2101 3489 2171 pyra.

509 2168 770 2242 midata
798 2169 1231 2244 trilocularis.
1332 2174 1519 2245 Sem.
1572 2225 1797 2245 .....

182 2320 521 2397 Acoxus
571 2317 919 2391 Calamus.
1023 2318 1198 2391 Tab.
1240 2331 1358 2414 84.
1410 2319 1531 2415 fig.
1575 2338 1688 2394 10.

400 2471 717 2542 Acorum.
820 2468 1023 2542 Cam.
1074 2473 1220 2562 epit.
1272 2480 1347 2561 5

402 2597 660 2666 Acorus
692 2617 906 2666 verus.
1007 2594 1216 2666 BsssL.
1270 2593 1433 2686 Eyst.
1479 2617 1664 2666 vern.
1717 2536 1897 2668 VIII.
1945 2608 2000 2666 t.
2042 2609 2114 2688 9.
2141 2588 2209 2687 f.
2237 2612 2299 2668 1.
2401 2592 2713 2667 BLAKW.
2750 2584 2924 2665 herb.
2978 2607 3030 2664 t.
3077 2585 3274 2684 466!

402 2722 681 2790 Acorus.
781 2717 1026 2790 Hau..
1080 2712 1210 2810 hist.
1254 2742 1320 2790 n.
1370 2738 1584 2808 1307.
1682 2720 1912 2793 Lmu.
1949 2716 2012 2808 s
1977 2720 2098 2812 st
2140 2738 2285 2815 veg.
2335 2736 2512 2812 339.

292 2841 514 2917 Ρειι.
566 2837 857 2939 Capsula
899 2838 1177 2935 supera,
1232 2839 1572 2937 oblonga,
1625 2839 1814 2937 quasi
1864 2867 1954 2915 ex
2004 2839 2274 2915 duabus
2323 2838 2802 2933 pyramidibus
2837 2836 3251 2935 compotita·
3324 2845 3491 2915 Pars

488 2941 830 3036 Ιὶιρενὶον,
894 2941 1179 3014 brevior
1233 2944 1300 3015 ἃ
1337 2938 1648 3025 craffior,
1714 2939 2189 3024 subcoriacea‚
2255 2939 2703 3054 parabolice·
2731 2964 3087 3024 convexa,
3140 2939 3318 3013 striis
3370 2944 3491 3027 tri-

508 3042 642 3115 bus
692 3037 1019 3136 depreffis
1065 3037 1422 3135 inscripta,
1485 3044 1551 3113 δι
1597 3040 1683 3112 ad
1723 3041 2000 3113 latera
1977 3064 2059 3112 ιιι
2108 3041 2499 3133 marginem
2540 3036 3011 3123 incraffatum,
3064 3035 3309 3127 obtuse
3343 3062 3491 3111 cre-

507 3158 806 3224 natum,
868 3139 988 3214 seu
1033 3145 1113 3214 in
1167 3142 1529 3215 tubercula
1572 3138 1921 3222 divisum,
1988 3139 2469 3232 protuberans.
2589 3141 2759 3209 Pars
2815 3137 3094 3230 Inferior
3154 3122 3483 3231 longior,

510 3238 789 3313 inverse
832 3240 1284 3357 pyramidata,
1335 3237 1584 3333 rugose
1620 3239 1984 3332 angulata,
2036 3236 2603 3319 membranacea,
2653 3235 3086 3320 tenuiffima,
3121 3236 3489 3330 diaphana.

510 3341 1006 3414 Loculamenca
1042 3343 1212 3424 tria,
1277 3360 1427 3412 non
1469 3335 1935 3422 dehiscentia,
2005 3333 2215 3410 far-<Sta
2266 3334 2571 3430 gelatina
2619 3337 2842 3408 vitreo
2894 3336 3281 3429 pellucida,
3332 3364 3489 3435 quae
3535 3349 3540 3354 ’

513 3442 722 3513 etiam
762 3445 839 3512 in
878 3439 1148 3514 vetusto
1190 3437 1464 3521 fructu,
1515 3441 1592 3510 in
1631 3461 1883 3533 aquam
1917 3440 2283 3533 conjecto,
2339 3435 2706 3537 reproduci
2739 3436 2986 3529 potest.

297 3567 520 3644 Rae.
587 3564 903 3649 nullum,
969 3582 1216 3660 praeter
1266 3562 1667 3638 columnam
1720 3561 2101 3636 centralem
2154 3584 2246 3635 ex
2290 3556 2624 3635 concursu
2656 3558 3297 3657 diffepimentorum
3352 3561 3492 3638 for-

511 3683 791 3738 matam.

1830 3958 1877 4000 a·
2869 3982 2900 4004 0
3011 3984 3024 4001 ι

491 4055 584 4129 a.)
630 4054 827 4125 Spadix
850 4020 1242 4126 ‘magnitudine
1291 4052 1535 4112 naturali.
1625 4051 1734 4123 A.)
1766 4050 1999 4109 Flosculi
2034 4049 2314 4123 infigniter
2346 4048 2522 4118 austi,
2574 4049 2811 4121 caprulas
2854 4046 3211 4109 continenter.
3284 4053 3347 4110 B.
3384 4055 3492 4127 C.)

498 4148 805 4219 Capsulaa
772 4157 1007 4220 aparte
1047 4148 1141 4204 sua
1181 4147 1439 4219 superior
1394 4148 1439 4201 ri
1474 4155 1633 4217 atque
1671 4142 1866 4201 inferio
1868 4146 1915 4201 ri
1951 4143 2205 4223 speffltae.
2278 4145 2348 4201 D.
2369 4146 2397 4218 )
2445 4142 2678 4216 capsula
2727 4144 2887 4202 festio
2928 4144 3324 4216 transversam,
3371 4165 3497 4205 σιιιι

492 4242 879 4314 diffepinentia
913 4260 1014 4299 axe
984 4260 1071 4298 em
1107 4258 1205 4298 cen
1170 4242 1397 4343 ntralem
1433 4238 1810 4298 formantibus,

404 4385 915 4479 Incompletam
961 4383 1189 4479 hujus
1222 4338 1484 4456 fructus
1512 4377 2055 4476 descriptionem
2098 4398 2308 4474 atque
2346 4379 2622 4453 iconem
2663 4379 2935 4456 tradere
2974 4406 3225 4477 cogor,
3283 4383 3494 4477 quia,

515 4487 714 4558 omni
755 4487 921 4560 licet
946 4484 1261 4558 adhibita
1299 4484 1705 4599 diligentia,
1753 4483 1983 4556 nullas
2025 4502 2264 4555 tamen
2298 4504 2450 4574 ejus
2483 4478 2784 4574 capsulas
2816 4478 3112 4555 fecunda
3116 4507 3148 4555 s
3186 4486 3262 4555 in
3303 4483 3497 4565 hunc

488 4582 735 4685 usque
771 4586 957 4660 diem
998 4584 1320 4659 obtinere
1356 4585 1574 4678 potui.
1675 4581 1937 4676 Neque
1970 4584 2177 4655 etiam
2212 4583 2679 4654 recentiorem
2717 4605 3144 4676 quemquam
3181 4587 3496 4675 reperio,

516 4688 640 4779 qui
688 4704 955 4759 matura
1005 4683 1219 4778 hujus
1272 4683 1523 4777 plantae
1564 4678 1828 4757 semina
1869 4701 2052 4756 certa
2105 4681 2245 4754 fide
2282 4682 2576 4765 viderit,
2632 4700 2883 4774 praeter
2921 4678 3139 4755 solum
3190 4684 3503 4758 Mlcnss-

458 4802 774 4867 ιςιιιειιιι
852 4802 955 4858 ut
990 4804 1229 4858 tamen
1291 4782 1410 4856 vel
1462 4776 1601 4875 ipsa
1655 4782 1772 4855 illa
1824 4781 2148 4857 Michelii
2207 4777 2470 4854 semina
2520 4785 2654 4855 tria
2715 4780 3010 4857 solitaria
3068 4781 3501 4877 aliquantum

514 4879 817 4975 suspecta
863 4883 1048 4968 fint,
1101 4907 1320 4976 quum
1359 4884 1437 4955 in
1478 4881 1969 4955 loculamentis
2013 4879 2256 4955 farffls
2290 4878 2437 4955 fere
2480 4879 2768 4977 semper
2797 4907 2943 4956 uno
2983 4883 3177 4974 plura
3215 4885 3504 4975 reperiri

519 4977 829 5087 soleant,
882 4981 1015 5057 nisi
1055 4980 1197 5077 ipsa
1241 4983 1514 5056 baccata
1544 4980 1701 5056 fiut.
2102 5076 2109 5081 ‚

1570 5152 1581 5162 ’
1697 5129 1770 5204 D
1816 5151 1866 5207 2
2487 5230 2500 5243 ⁸
2975 5126 3323 5203 DXXXI.
3363 5128 3511 5235 Fr:-
