4500 5942
1581 489 2221 613 ἐξῃτ-
3387 527 3541 619 193

558 726 679 785 aut
716 710 1143 807 gemellum3
1189 726 1263 784 at
1308 712 1387 783 in
1432 710 1753 803 quinque
1804 707 2018 803 hujus
2065 704 2319 803 speciei
2363 705 2754 800 exemplisf
2801 688 2954 800 qua}
3009 707 3183 781 mihi
3230 710 3538 789 incidere

555 813 791 896 licuit,
844 836 994 884 non
1037 813 1283 894 aliam,
1337 835 1544 905 quam
1594 806 1791 904 supra
1829 804 2238 905 descriptam
2282 805 2609 882 fabricam
2650 806 3176 901 deprehendere
3212 814 3432 907 potui.

230 1019 604 1137 CanBRA
656 1020 1013 1121 Odollam.
1086 1020 1295 1119 ‘Tab.
1350 1041 1531 1125 124..
1563 1018 1680 1115 fig.
1728 1043 1789 1093 1.

457 1169 766 1245 Odoffam.
870 1170 1172 1245 Rufino.
1223 1168 1371 1242 mal.
1406 1175 1461 1241 ι’.
1502 1190 1574 1265 p.
1609 1187 1720 1261 71.
1757 1184 1811 1241 t.
1849 1187 1975 1264 39.

644 1270 703 1343 E
752 1266 1124 1346 seminario
1174 1269 1552 1344 Amstelod.
1964 1266 1973 1279 ’
2076 1274 2085 1285 ‘
2160 1272 2169 1283 ’

335 1397 587 1487 Drupa
622 1394 1035 1489 plerumque
1076 1391 1407 1477 solitaria,
1459 1394 1766 1489 elliptice
1802 1388 2123 1490 globola,
2177 1391 2347 1469 hinc
2391 1394 2598 1470 valde
2631 1419 2982 1481 convexa,
3035 1394 3202 1471 inde
3239 1395 3536 1494 planius-

441 1494 629 1576 cula,
682 1518 724 1565 e
777 1493 987 1567 viridi
1026 1490 1420 1569 flavescens.
1526 1496 1829 1568 Stratum
1880 1495 2208 1583 fibrarum
2261 1497 2581 1570 corticale
2621 1497 2783 1593 (L),
2838 1500 3035 1571 utin
3074 1499 3531 1591 praecedenti,

435 1588 827 1687 lignosum}
894 1591 1011 1667 sed
1056 1593 1246 1666 fibrae
1337 1591 1764 1679 laniusculae,
1830 1594 2161 1676 latiores,
2216 1599 2440 1690 magis
2484 1594 2766 1670 ramosa:
2793 1649 2816 1682 ,
2876 1599 2941 1669 &
2994 1598 3069 1669 in
3130 1596 3327 1669 dorso
3387 1622 3536 1672 cre-

436 1693 743 1766 berrime
787 1693 1189 1769 reticulatae.
1352 1713 1637 1768 utamen
1678 1695 1828 1789 (k.)
1880 1691 2373 1779 semibivalve,
2428 1696 2900 1780 uniloculare,
2955 1698 3031 1768 in
3081 1690 3249 1795 duas
3293 1715 3534 1771 tamen

437 1795 1075 1869 concamerationes
1129 1786 1479 1867 divisun1.‘
1553 1794 2136 1889 Diffepimentum
2187 1794 2313 1888 (k.
2364 1794 2416 1871 1:
2456 1796 2597 1888 m.)
2659 1796 3005 1878 liberum,
3076 1797 3475 1890 bipartitum
3507 1848 3529 1880 ,

434 1916 527 1966 ex
568 1893 963 1986 pedunculo
1004 1890 1276 1987 lignoso
1320 1918 1536 1968 curvo
1581 1894 2013 1979 oriundum.
2083 1913 2294 1988 atque
2348 1921 2387 1968 a
2441 1898 2635 1989 parte
2678 1893 2793 1968 sua
2838 1898 3173 1969 interiore
3224 1893 3532 1969 st‘axem

427 1990 889 2086 respiciente,
959 1994 1331 2087 multiplici
1384 1994 1713 2067 fibrarum
1772 1991 2234 2071 tortuosarum
2305 1996 2517 2090 plexu
2583 1996 2740 2089 (1.)
2799 1995 3174 2088 stipatum3
3244 2019 3284 2067 a
3336 2014 3531 2088 parte

430 2111 669 2166 autem
728 2094 1075 2165 exteriore
1127 2093 1322 2188 (m.)
1371 2090 1891 2189 seminigerum.
1996 2097 2305 2178 semen„
2359 2098 2438 2166 in
2480 2092 2748 2190 singula
2795 2097 3173 2188 putaminis
3217 2119 3526 2179 camera.

426 2188 828 2285 fingulum,
898 2199 1175 2265 ovato‘-
1208 2195 1683 2265 acuminatum
1735 2193 1959 2284 (m),
2004 2191 2207 2265 -hinc
2255 2190 2623 2287 infigniter
2662 2218 3115 2277 convexum,
3171 2195 3338 2266 inde
3387 2195 3527 2287 pla-

429 2314 646 2374 num,
703 2310 919 2384 atque
957 2288 1440 2383 diffepimento
1488 2295 1583 2364 ita
1633 2291 2006 2374 adflatum.
2076 2310 2158 2365 ut
2201 2288 2389 2364 solus
2435 2316 2617 2385 apex
2673 2292 2856 2365 liber
2895 2289 3001 2365 fit.
3103 2294 3523 2366 Membrana

423 2389 710 2465 seminis
759 2395 1037 2467 interna
1078 2393 1236 2486 (n)
1285 2388 1676 2464 tenuiffima
1703 2440 1725 2475 ,
1792 2387 2082 2464 vasculis
2125 2391 2564 2483 capillarib‘u's
2612 2390 2852 2485 stipata
2879 2442 2898 2472 ,
2937 2393 3131 2465 citra
3186 2393 3521 2467 nucleum

421 2493 501 2562 in
549 2490 913 2583 angustum
952 2494 1350 2583 ,marginem
1398 2489 1753 2583 producta.
1875 2490 2233 2568 Albumen
2281 2490 2579 2563 nullum.
2701 2491 3013 2589 Embryo
3057 2487 3311 2568 semini
3354 2515 3522 2565 con-

422 2587 672 2662 formis
701 2640 721 2672 ,
774 2592 1273 2674 atro-viridis,
1328 2587 1668 2666 inversus.
1770 2589 2073 2684 Reliqua
2117 2610 2198 2665 ut
2245 2594 2321 2660 in
2369 2588 2808 2686 praecedenti.

314 2714 528 2789 Hanc
571 2737 723 2785 non
769 2738 1032 2788 meram
1078 2711 1212 2785 effe
1262 2713 1721 2807 praecedentis,
1766 2716 2220 2797 varietatem,
2294 2734 2373 2790 ut
2422 2714 2582 2791 vult
2619 2682 2990 2799 ιὶιιιιεευὲ.
3069 2739 3160 2791 ex
3206 2710 3515 2789 diversis-

420 2809 588 2885 fima
628 2810 890 2887 fructus
940 2810 1198 2887 fabrica
1234 2809 1438 2886 facile
1485 2814 1929 2910 intelligitur.
3581 2823 3590 2829 '

146 3064 153 3069 ·
194 3028 580 3102 CERBERA
626 3021 1150 3119 platyspermos.
1216 3023 1388 3103 ibid.

618 3125 726 3198 Ex
772 3127 963 3198 dono
1010 3124 1284 3199 amiciffi
1333 3129 1456 3200 Dr.
1510 3128 1901 3201 BERKHEY.
2859 3198 2866 3207 .

308 3250 662 3323 Putamen
710 3251 827 3340 (o.
867 3250 987 3342 p.)
1039 3210 1461 3343 lignosum?
1502 3270 1830 3332 ovatum,
1898 3249 2091 3322 fibris
2145 3246 2742 3332 multiformibuS,
2805 3243 3064 3320 sursum
3119 3249 3500 3321 incurvatis

415 3348 735 3442 undique
779 3353 1193 3423 muricatum
1227 3401 1250 3432 ‚
1310 3348 1766 3432 subbivalve,
1817 3346 1939 3420 seu
1991 3348 2073 3419 ad
2115 3345 2305 3420 bafin
2355 3345 2574 3440 usque
2624 3344 2853 3420 sutura
2903 3344 3200 3419 divisum
3230 3399 3251 3430 ‚
3315 3352 3382 3419 &
3424 3348 3504 3419 in

416 3447 590 3520 duas
645 3450 1283 3533 concamerationes
1337 3448 1541 3522 valde
1585 3446 1991 3541 compreffas
2035 3472 2168 3541 ope
2219 3445 2393 3540 septi
2437 3446 2716 3518 mobilis
2811 3448 3112 3518 artitum.
3216 3444 3505 3539 Diffepi-

416 3568 739 3621 mentum
786 3548 952 3645 (q.)
1000 3551 1389 3621 coriaceum
1416 3599 1440 3632 ,
1490 3548 2038 3630 bilamellatum,
2070 3543 2213 3643 ,ipfi
2258 3545 2695 3618 valvularum
2771 3566 2989 3619 uturae
3030 3548 3499 3639 interjectum.

413 3649 745 3730 Semina,
816 3650 892 3719 in
944 3644 1211 3742 singula
1268 3651 1873 3722 concameratione
1902 3698 1922 3729 ‚
1993 3650 2276 3741 gemina
2325 3648 2431 3739 (r.
2478 3642 2637 3736 s.)',
2708 3642 3499 3738 foliaceo-compreffa.

393 3742 864 3841 ferruginea,
915 3749 1231 3839 undique
1276 3746 1545 3832 libera,
1596 3745 2009 3841 inaequalia:
2064 3747 2283 3820 altero
2334 3742 2594 3839 majore
2646 3744 2778 3840 (r.)
2808 3795 2830 3827 ,
2879 3742 3497 3838 ovato-spatulato.

352 3892 369 3901 -
408 3844 805 3940 superiores
856 3848 1073 3919 altero
1130 3848 1405 3918 minore
1445 3848 1645 3942 (r.)‚
1696 3843 2228 3928 subreniformi‚
2286 3842 2641 3916 inferiore.
2745 3840 3058 3937 Enibryo
3105 3840 3356 3917 defuit.

301 3973 589 4048 Ahovai
633 3969 948 4046 Totum.
993 3970 1193 4044 nullo
1231 3970 1446 4044 modo
1485 3994 1645 4045 cum
1685 3969 1989 4044 Cerbera
2029 3966 2268 4044 sociari
2308 3966 2555 4062 potest.

751 4218 1148 4311 DCCIX.
1248 4224 1340 4308 Ἀ
1398 4218 1488 4312 N
1545 4218 1636 4309 N
1693 4219 1784 4308 O
1841 4220 1928 4309 N
1987 4218 2086 4306 A.
2165 4216 2448 4307 Lmn.
2523 4244 2691 4332 gen.
2747 4222 2947 4334 693.

392 4408 642 4501 Calyx
693 4407 1090 4502 triphylluS.
1194 4371 1359 4480 Cor.
1416 4406 1869 4502 hex-apecula,
1912 4405 2317 4502 ³potaberunt
2367 4403 2544 4505 serie
2599 4404 2882 4498 duplici.
2987 4402 3197 4478 Statu.
3246 4423 3496 4476 nume·
3565 4467 3586 4481 .

510 4504 679 4579 rosa.
785 4511 1003 4582 Ovar.
1071 4505 1359 4602 simplex
1405 4526 1526 4581 aut
1592 4532 1740 4581 uno
1806 4508 2002 4600 plura
2034 4558 2056 4591 ,
2138 4504 2402 4600 supera.
2495 4507 2853 4599 ‘Stigmata
2921 4498 3232 4605 seffilia.‘
3288 4507 3496 4581 Bacca

513 4610 874 4690 corticata,
930 4606 1222 4702 simplex
1266 4626 1388 4680 aut
1433 4603 1827 4706 composita.
1931 4610 2114 4682 Seni.
2163 4601 2572 4681 numerosa:
2627 4604 2987 4678 albumine
3020 4599 3294 4678 rimos0.

190 4758 550 4834 Annona
598 4750 974 4848 squamosa.
1079 4755 1258 4829 Tab.
1317 4769 1478 4849 138.
1528 4755 1644 4850 fig.
1674 4734 1757 4847 ¹5.

405 4892 823 4978 Atamarmn.
926 4904 1229 4980 Rnassn.
1278 4903 1428 4977 mal.
1465 4925 1536 5005 3.
1586 4924 1660 5002 p.
1705 4924 1809 4979 ει.
1855 4919 1911 4974 t.
1947 4924 2067 4996 29.

238 5026 618 5145 ssromal.
906 5050 925 5059 ’
1074 5050 1119 5065 “’
1526 5052 1543 5087 ³
1876 5048 2003 5124 Bb
2309 5065 2406 5075 ··
2965 5066 2978 5103 ··
3089 5084 3098 5091 ·
3221 5048 3503 5121 Annona
